@article{Martin:2018,
  author   = {Martin, Eileen R. and Huot, Fantine and Ma, Yinbin and Cieplicki, Robert and Cole, Steve and Karrenbach, Martin and Biondi, Biondo L.},
  journal  = {IEEE Signal Processing Magazine},
  title    = {A Seismic Shift in Scalable Acquisition Demands New Processing: Fiber-Optic Seismic Signal Retrieval in Urban Areas with Unsupervised Learning for Coherent Noise Removal},
  year     = {2018},
  volume   = {35},
  number   = {2},
  pages    = {31-40},
  keywords = {Optical fiber cables;Optical fiber sensors;Optical fiber theory;Monitoring;Telecommunications;Data mining;Seismic measurements},
  doi      = {10.1109/MSP.2017.2783381}
}


@book{Addison:2002,
  author    = {Paul S Addison},
  title     = {The Illustrated Wavelet Transform Handbook Introductory Theory and Applications in Scienc Engineering, Medicine and Finance},
  year      = {2002},
  publisher = {CRC Press}
}